@misc{ANFIA2020,
    title = {{DOSSIER Trasporto merci su strada}},
    year = {2020},
    author = {{ANFIA}},
    month = {4},
    url = {https://www.ansa.it/documents/1587628257632_Dossier_Trasporto_Merci_Aprile_2020_DEF.pdf}
}

@techreport{RIVAEQUIV,
    title = {{Equivalenza tra consumi di combustibile degli impianti di riscaldamento e l'energia ceduta alle utenze delle reti di teleriscaldamento}},
    year = {2015},
    author = {Riva, Giovanni},
    url = {shorturl.at/euHOR},
    institution = {Comitato Termotecnico Italiano - Energia e Ambiente},
    address = {Milan}
}

@techreport{ISPRA2019,
    title = {{Fattori di emissione atmosferica di gas a effetto serra nel settore elettrico nazionale e nei principali Paesi Europei}},
    year = {2019},
    author = {Caputo, Antonio},
    month = {3},
    institution = {ISPRA},
    isbn = {9788844809454}
}

@techreport{lakohydro2010,
    title = {{Hydropower}},
    year = {2010},
    author = {Lako, Paul},
    month = {5},
    url = {http://www.etsap.org/},
    institution = {IEA ETSAP}
}

@book{Mazzo2021,
    title = {{INVERSIONE a E}},
    year = {2021},
    author = {Mazzoncini, Renato},
    pages = {61--62},
    publisher = {EGEA},
    url = {https://www.egeaeditore.it/ita/prodotti/management/inversione-a-e.aspx},
    isbn = {9788823838284}
}

@misc{guanda20211,
    title = {{Lecutre Materials: Hydrogen Technologies}},
    year = {2021},
    author = {Guandalini, Giulio},
    publisher = {Politecnico di Milano}
}

@misc{PVINFOSYSTEM,
    title = {{Photovoltaic Geographical information system}},
    year = {2019},
    author = {{European Commission}},
    month = {10},
    url = {https://re.jrc.ec.europa.eu/pvg_tools/it/#MR}
}

@misc{PIANOIDRO2019,
    title = {{Piano nazionale sviluppo mobilit{\`{a}} idrogeno}},
    year = {2019},
    author = {Crema, Luigi and Viesi, Diego and Testi, Matteo and Trini, Martini and Maggi, Cristina and Campanari, Stefano and Rivarolo, Massimo and Romagnoli, Marcello},
    month = {11}
}

@techreport{ARERA2020,
    title = {{Relazione Annuale Stato servizi}},
    year = {2020},
    author = {{Autorit{\`{a}} di Regolazione per Energia Reti e Ambiente Direzione Comunicazione Specialistica e Mass Media}},
    url = {https://www.arera.it/allegati/relaz_ann/21/RA21_volume_1.pdf},
    institution = {ARERA}
}

@misc{IDROADDA2019,
    title = {{Trezzo sull'Adda: alla scoperta della centrale idroelettrica taccani, gioiello di ingegneria dal gusto liberty}},
    year = {2019},
    booktitle = {cose di bergamo},
    author = {{unspecified}},
    month = {8},
    url = {https://cosedibergamo.com/2019/08/22/centrale-idroelettrica-taccani-di-trezzo-sulladda-gioiello-liberty/}
}

@misc{ACEA2021,
    title = {{Vehicles in use Europe}},
    year = {2021},
    author = {{ACEA}},
    month = {1},
    url = {https://www.acea.auto/files/report-vehicles-in-use-europe-january-2021-1.pdf}
}

@techreport{Ortiz-Cebolla2021AssessmentOptions,
    title = {{Assessment of Hydrogen Delivery Options}},
    year = {2021},
    author = {Ortiz-Cebolla, Rafael and Dolci, Francesco and Weidner, Eveline},
    institution = {European Commission}
}

@misc{EnelX2021PhotovoltaicKW,
    title = {{Photovoltaic pannel 6 kW}},
    year = {2021},
    author = {{Enel X}},
    url = {https://www.enelxstore.com/it/it/prodotti/energia-solare/generazione-stoccaggio-energia/fotovoltaico/fv-da-6-kw-black-edition}
}